@article{mahadevan,
  title={Automatic programming of behavior-based robots using reinforcement learning},
  author={Mahadevan, Sridhar and Connell, Jonathan},
  journal={Artificial intelligence},
  volume={55},
  number={2-3},
  pages={311--365},
  year={1992},
  publisher={Elsevier}
}

@article{defazio,
  title={A comparison of learning algorithms on the arcade learning environment},
  author={Defazio, Aaron and Graepel, Thore},
  journal={arXiv preprint arXiv:1410.8620},
  year={2014}
}

@article{bellemare,
  title={The Arcade Learning Environment: An evaluation platform for general agents.},
  author={Bellemare, Marc G and Naddaf, Yavar and Veness, Joel and Bowling, Michael},
  journal={J. Artif. Intell. Res.(JAIR)},
  volume={47},
  pages={253--279},
  year={2013}
}

@article{mnih,
  title={Playing atari with deep reinforcement learning},
  author={Mnih, Volodymyr and Kavukcuoglu, Koray and Silver, David and Graves, Alex and Antonoglou, Ioannis and Wierstra, Daan and Riedmiller, Martin},
  journal={arXiv preprint arXiv:1312.5602},
  year={2013}
}